<?xml version="1.0" encoding="UTF-8"?><collection xmlns="http://www.loc.gov/MARC21/slim"><record><leader>00506nam--2200169-i-4500</leader><controlfield tag="001">000027074</controlfield><controlfield tag="002">20161230</controlfield><controlfield tag="005">20161230201036</controlfield><controlfield tag="008">060222s1000------------r-----000-0-eng-d</controlfield><datafield ind1=" " ind2=" " tag="040"><subfield code="a">IFIN-HH</subfield></datafield><datafield ind1="1" ind2=" " tag="100"><subfield code="a">Eyring, Henry</subfield></datafield><datafield ind1="1" ind2="0" tag="245"><subfield code="a">Statistical mechanics and dynamics</subfield><subfield code="c">Henry Eyring, Douglas Henderson, Betsy Jones Stover, Edward M. Eyring</subfield></datafield><datafield ind1=" " ind2=" " tag="260"><subfield code="a">New York, John Wiley &amp; Sons Inc., 1964</subfield></datafield><datafield ind1=" " ind2=" " tag="300"><subfield code="a">XIII + 508P</subfield></datafield><datafield ind1="1" ind2=" " tag="700"><subfield code="a">Eyring, Edward M</subfield></datafield><datafield ind1=" " ind2=" " tag="852"><subfield code="a">24001</subfield><subfield code="c">531</subfield></datafield><datafield ind1=" " ind2=" " tag="CAT"><subfield code="a">Sys</subfield><subfield code="c">20100623</subfield><subfield code="h">094222</subfield></datafield></record></collection>